@article{lewbel2012,
  author = {Arthur Lewbel},
  title = {Using Heteroscedasticity to Identify and Estimate Mismeasured and Endogenous Regressor Models},
  journal = {Journal of Business \& Economic Statistics},
  volume = {30},
  number = {1},
  pages = {67--80},
  year = {2012},
  publisher = {ASA Website},
  doi = {10.1080/07350015.2012.643126},
  URL = {https://doi.org/10.1080/07350015.2012.643126},
  eprint = {https://doi.org/10.1080/07350015.2012.643126}
}

@article{rigobon2003,
  author = {Rigobon, Roberto},
  title = {Identification Through Heteroskedasticity},
  journal = {The Review of Economics and Statistics},
  volume = {85},
  number = {4},
  pages = {777-792},
  year = {2003},
  month = {11},
  issn = {0034-6535},
  doi = {10.1162/003465303772815727},
  url = {https://doi.org/10.1162/003465303772815727},
  eprint = {https://direct.mit.edu/rest/article-pdf/85/4/777/1613607/003465303772815727.pdf}
}

@article{prono2014,
  author = {Prono, Todd},
  title = {The Role of Conditional Heteroskedasticity in Identifying and Estimating Linear Triangular Systems, with Applications to Asset Pricing Models That Include a Mismeasured Factor},
  journal = {Journal of Applied Econometrics},
  volume = {29},
  number = {5},
  pages = {800-824},
  doi = {https://doi.org/10.1002/jae.2340},
  url = {https://onlinelibrary.wiley.com/doi/abs/10.1002/jae.2340},
  eprint = {https://onlinelibrary.wiley.com/doi/pdf/10.1002/jae.2340},
  year = {2014}
}

@article{klein2010estimating,
  title = {Estimating a class of triangular simultaneous equations models without exclusion restrictions},
  journal = {Journal of Econometrics},
  volume = {154},
  number = {2},
  pages = {154-164},
  year = {2010},
  issn = {0304-4076},
  doi = {https://doi.org/10.1016/j.jeconom.2009.05.005},
  url = {https://www.sciencedirect.com/science/article/pii/S0304407609001675},
  author = {Roger Klein and Francis Vella},
  shortauthor = {K\&V}
}

@techreport{baum2012ivreg2h,
  title = {IVREG2H: Stata module to perform instrumental variables estimation using heteroscedasticity-based instruments},
  author = {Baum, Christopher F and Schaffer, Mark E},
  year = {2012},
  institution = {Boston College Department of Economics},
  type = {Statistical Software Components},
  number = {S457555}
}

@article{gui2023rendo,
  title = {REndo: Internal instrumental variables to address endogeneity},
  author = {Gui, Raluca and Meierer, Markus and Schilter, Patrik and Algesheimer, Ren√©},
  journal = {Journal of Statistical Software},
  volume = {107},
  number = {3},
  pages = {1--43},
  year = {2023},
  doi = {10.18637/jss.v107.i03}
}

@article{klein2010estimating,
  title = {Estimating a class of triangular simultaneous equations models without exclusion restrictions},
  author = {Klein, Roger and Vella, Francis},
  journal = {Journal of Econometrics},
  volume = {154},
  number = {2},
  pages = {154--164},
  year = {2010},
  publisher = {Elsevier},
  doi = {10.1016/j.jeconom.2009.05.005}
}
